<?xml version="1.0" encoding="UTF-8" ?>
<collection xmlns:xsi="http://www.w3.org/2001/XMLSchema-instance"
    xsi:schemaLocation="http://www.loc.gov/MARC21/slim
        http://www.loc.gov/standards/marcxml/schema/MARC21slim.xsd"
    xmlns="http://www.loc.gov/MARC21/slim">
<record>
  <leader>00237nam a2200457 ia4500</leader>
  <controlfield tag="001">b19029676</controlfield>
  <controlfield tag="005">20161221</controlfield>
  <controlfield tag="008">761221m19091910ua            ||0 0 ara d</controlfield>
  <datafield tag="035" ind1=" " ind2=" ">
    <subfield code="a"></subfield>
  </datafield>
  <datafield tag="040" ind1=" " ind2=" ">
    <subfield code="a">LEAUB</subfield>
    <subfield code="b">ara</subfield>
    <subfield code="e">rda</subfield>
    <subfield code="c">LEAUB</subfield>
    <subfield code="d">LEAUB</subfield>
  </datafield>
  <datafield tag="082" ind1="0" ind2="4">
    <subfield code="a">349.297</subfield>
    <subfield code="2">20</subfield>
  </datafield>
  <datafield tag="100" ind1="1" ind2=" ">
    <subfield code="6">880-01</subfield>
    <subfield code="a">Kāsānī, Abū Bakr ibn Masʻūd,</subfield>
    <subfield code="d">-1191,</subfield>
    <subfield code="e">author.</subfield>
  </datafield>
  <datafield tag="245" ind1="1" ind2="0">
    <subfield code="6">880-02</subfield>
    <subfield code="a">Kitāb Badā’i‘ al-ṣanā’i‘ fī tartīb al-sharā’i‘ /</subfield>
    <subfield code="c">taʼlīf al-Imām ʻAlāʼ al-Dīn Abī Bakr ibn Masʻūd al-Kāsānī al-Ḥanafī al-mulaqqab bi-Malik al-ʻulamā’ al-mutawaffá sanat 587 Hijrīyah.</subfield>
  </datafield>
  <datafield tag="246" ind1="3" ind2="0">
    <subfield code="6">880-03</subfield>
    <subfield code="a">Badā’i‘ al-ṣanā’i‘ fī tartīb al-sharā’i‘</subfield>
  </datafield>
  <datafield tag="250" ind1=" " ind2=" ">
    <subfield code="6">880-04</subfield>
    <subfield code="a">al-Ṭab‘ah al-ūlá.</subfield>
  </datafield>
  <datafield tag="264" ind1=" " ind2="1">
    <subfield code="6">880-05</subfield>
    <subfield code="a">Miṣr :</subfield>
    <subfield code="b">al-Maṭba‘ah al-Jamālīyah,</subfield>
    <subfield code="c">1327-1328H., [1909?]-1910 M.</subfield>
  </datafield>
  <datafield tag="300" ind1=" " ind2=" ">
    <subfield code="6">880-06</subfield>
    <subfield code="a">7 volumes ;</subfield>
    <subfield code="c">29 cm</subfield>
  </datafield>
  <datafield tag="336" ind1=" " ind2=" ">
    <subfield code="a">text</subfield>
    <subfield code="b">txt</subfield>
    <subfield code="2">rdacontent</subfield>
  </datafield>
  <datafield tag="337" ind1=" " ind2=" ">
    <subfield code="a">unmediated</subfield>
    <subfield code="b">n</subfield>
    <subfield code="2">rdamedia</subfield>
  </datafield>
  <datafield tag="338" ind1=" " ind2=" ">
    <subfield code="a">volume</subfield>
    <subfield code="b">nc</subfield>
    <subfield code="2">rdacarrier</subfield>
  </datafield>
  <datafield tag="500" ind1=" " ind2=" ">
    <subfield code="a">الأجزاء 1-2: على نفقة مطبعة شركة المطبوعات العلمية ونفقة سعادة محمد أسعد باشا جابري زاده وفضيلة الحاج مراد أفندي جابري زاده؛ والأجزاء 3-7على نفقة مطبعة شركة المطبوعات العلمية ونفقة سعادة محمد أسعد باشا جابري زاده وفضيلة الحاج مراد أفندي جابري زاده ومحمد أمين الخانجي الكتبي وشركاه وقد طبعت في المطبعة الجمالية بمصر.</subfield>
  </datafield>
  <datafield tag="500" ind1=" " ind2=" ">
    <subfield code="a">7 أجزاء ببليوغرافية في 3 أجزاء مادية.</subfield>
  </datafield>
  <datafield tag="590" ind1=" " ind2=" ">
    <subfield code="a">في المكتبة: الأجزاء 1-2 من إصدار مطبعة شركة المطبوعات العلمية؛ والأجزاء 3-7 من إصدار المطبعة الجمالية.</subfield>
  </datafield>
  <datafield tag="650" ind1=" " ind2="4">
    <subfield code="a">الفقه الاسلامي</subfield>
    <subfield code="v">اعمال قديمة حتى 1800.</subfield>
  </datafield>
  <datafield tag="650" ind1=" " ind2="4">
    <subfield code="a">المذهب الحنفي</subfield>
    <subfield code="v">اعمال قديمة حتى 1800.</subfield>
  </datafield>
  <datafield tag="650" ind1=" " ind2="0">
    <subfield code="a">Islamic law</subfield>
    <subfield code="v">Early works to 1800.</subfield>
  </datafield>
  <datafield tag="650" ind1=" " ind2="0">
    <subfield code="a">Hanafites</subfield>
    <subfield code="v">Early works to 1800.</subfield>
  </datafield>
  <datafield tag="775" ind1="0" ind2=" ">
    <subfield code="6">880-07</subfield>
    <subfield code="t">Kitāb Badā’i‘ al-ṣanā’i‘ fī tartīb al-sharā’i‘</subfield>
    <subfield code="d">Miṣr : Maṭba‘at Sharikat al-Maṭbu‘āt al-‘Ilmiyah, 1909</subfield>
    <subfield code="w">(OCoLC)78432809</subfield>
    <subfield code="w">(OCoLC)784328098</subfield>
  </datafield>
  <datafield tag="852" ind1=" " ind2=" ">
    <subfield code="a">Jafet Library</subfield>
    <subfield code="e">American University of Beirut, Bliss Street , Beirut, Lebanon.</subfield>
  </datafield>
  <datafield tag="880" ind1="1" ind2=" ">
    <subfield code="6">100-01/(3/r</subfield>
    <subfield code="a">الكاساني، أبو بكر بن مسعود،</subfield>
    <subfield code="d">-1191،</subfield>
    <subfield code="e">مؤلف. </subfield>
    <subfield code="4">aut.</subfield>
  </datafield>
  <datafield tag="880" ind1="1" ind2="0">
    <subfield code="6">245-02/(3/r</subfield>
    <subfield code="a">كتاب بدائع الصنائع في ترتيب الشرائع /</subfield>
    <subfield code="c">تأليف الإمام علاء الدين أبي بكر بن مسعود الكاساني الحنفي الملقب بملك العلماء المتوفى سنة 587 هجرية.</subfield>
  </datafield>
  <datafield tag="880" ind1="3" ind2="0">
    <subfield code="6">246-03/(3/r</subfield>
    <subfield code="a">بدائع الصنائع في ترتيب الشرائع</subfield>
  </datafield>
  <datafield tag="880" ind1=" " ind2=" ">
    <subfield code="6">250-04/(3/r</subfield>
    <subfield code="a">الطبعة الأولى.</subfield>
  </datafield>
  <datafield tag="880" ind1=" " ind2="1">
    <subfield code="6">264-05/(3/r</subfield>
    <subfield code="a">مصر :</subfield>
    <subfield code="b">المطبعة الجمالية،</subfield>
    <subfield code="c">1327-1328 هـ. = [1909؟]-1910 م.</subfield>
  </datafield>
  <datafield tag="880" ind1=" " ind2=" ">
    <subfield code="6">300-06/(3/r</subfield>
    <subfield code="a">7 أجزاء ؛</subfield>
    <subfield code="c">29 سم</subfield>
  </datafield>
  <datafield tag="880" ind1="0" ind2=" ">
    <subfield code="6">775-07/(3/r</subfield>
    <subfield code="t">كتاب بدائع الصنائع في ترتيب الشرائع</subfield>
    <subfield code="d">مصر : مطبعة شركة المطبوعات العلمية، 1909</subfield>
    <subfield code="w">b12464053</subfield>
    <subfield code="w">(OCoLC)78432809</subfield>
  </datafield>
  <datafield tag="907" ind1=" " ind2=" ">
    <subfield code="a">.b19029676</subfield>
    <subfield code="b">17-01-10</subfield>
    <subfield code="c">16-12-21</subfield>
  </datafield>
  <datafield tag="945" ind1=" " ind2=" ">
    <subfield code="f">J</subfield>
    <subfield code="a">349.297:K191bA:v.3-5</subfield>
    <subfield code="i">01023561</subfield>
    <subfield code="j">.i12945717</subfield>
    <subfield code="l">u0503</subfield>
  </datafield>
  <datafield tag="945" ind1=" " ind2=" ">
    <subfield code="f">J</subfield>
    <subfield code="a">349.297:K191bA:v.6-7</subfield>
    <subfield code="i">00511236</subfield>
    <subfield code="j">.i12945729</subfield>
    <subfield code="l">u0503</subfield>
  </datafield>
  <datafield tag="945" ind1=" " ind2=" ">
    <subfield code="f">J</subfield>
    <subfield code="a">349.297:K191bA:v.1-2</subfield>
    <subfield code="i">00511235</subfield>
    <subfield code="j">.i12945705</subfield>
    <subfield code="l">u0503</subfield>
  </datafield>
  <datafield tag="998" ind1=" " ind2=" ">
    <subfield code="a">u05</subfield>
    <subfield code="b">97-05-26</subfield>
    <subfield code="c">m</subfield>
    <subfield code="d">a</subfield>
    <subfield code="e">-</subfield>
    <subfield code="f">ara</subfield>
    <subfield code="g">ua </subfield>
    <subfield code="h">0</subfield>
    <subfield code="i">0</subfield>
  </datafield>
</record>
</collection>
